@article{transducerDef,
  author          = {Rajeev Alur and Pavol Černý},
  journal         = {FSTTCS},
%   number          = {},
  title           = {Expressiveness of streaming string transducers},
%   volume          = {},
  year            = {2010}
}

@article{2-1,
    author={J. C. Shepherdson},
    journal={IBM Journal of Research and Development}, 
    title={The Reduction of Two-Way Automata to One-Way Automata}, 
    year={1959},
    volume={3},
    number={2},
    pages={198-200},
    doi={10.1147/rd.32.0198}
}


@article{note,
title = {A note on the reduction of two-way automata to one-way automata},
journal = {Information Processing Letters},
volume = {30},
number = {5},
pages = {261-264},
year = {1989},
issn = {0020-0190},
doi = {https://doi.org/10.1016/0020-0190(89)90205-6},
url = {https://www.sciencedirect.com/science/article/pii/0020019089902056},
author = {Moshe Y. Vardi},
}

@book{toolbox,
  author         = {M. Bojańczyk and W. Czerwiński},
%   editor         = {},
%   publisher      = {},
  title          = {An Automata Toolbox},
  year           = {2017}
}


@article{chytil,
    author="M. P. Chytil and V. J{\'a}kl",
    title="Serial composition of 2-way finite-state transducers and simple programs on strings",
    booktitle="Automata, Languages and Programming",
    year="1977",
    publisher="Springer Berlin Heidelberg",
    pages="135--147",
    isbn="978-3-540-37305-6"
}
